<record><leader>00000cas a22000007a 4500</leader><controlfield tag="001">11795421</controlfield><controlfield tag="008">850312d18591951wiuwr ne      0    0eng d</controlfield><datafield ind1=" " ind2=" " tag="010"><subfield code="a">sn 85033258 </subfield></datafield><datafield ind1=" " ind2=" " tag="040"><subfield code="a">NPU</subfield><subfield code="b">eng</subfield><subfield code="c">NPU</subfield><subfield code="d">NPV</subfield><subfield code="d">DLC</subfield><subfield code="d">MGN</subfield><subfield code="d">OCLCQ</subfield></datafield><datafield ind1=" " ind2=" " tag="042"><subfield code="a">msc</subfield></datafield><datafield ind1=" " ind2=" " tag="045"><subfield code="a">w5x5</subfield></datafield><datafield ind1="0" ind2="0" tag="050"><subfield code="a">Newspaper 10216-X</subfield></datafield><datafield ind1=" " ind2=" " tag="052"><subfield code="a">4123</subfield><subfield code="b">S5</subfield></datafield><datafield ind1="0" ind2=" " tag="130"><subfield code="a">Shawano County journal (Shawano, Wis. : 1859)</subfield></datafield><datafield ind1="1" ind2="0" tag="245"><subfield code="a">Shawano County journal.</subfield></datafield><datafield ind1="1" ind2="3" tag="246"><subfield code="a">Shawano journal</subfield></datafield><datafield ind1="1" ind2="3" tag="246"><subfield code="a">Shawano County journal and transcript</subfield><subfield code="f">May 30-&lt;Oct. 10, 1894&gt;</subfield></datafield><datafield ind1=" " ind2=" " tag="260"><subfield code="a">Shawano, Wis. :</subfield><subfield code="b">Wiley, Edmonds &amp; Rockwell</subfield></datafield><datafield ind1=" " ind2=" " tag="300"><subfield code="a">v. :</subfield><subfield code="b">ill. ;</subfield><subfield code="c">65 cm.</subfield></datafield><datafield ind1=" " ind2=" " tag="310"><subfield code="a">Weekly</subfield></datafield><datafield ind1="1" ind2=" " tag="362"><subfield code="a">Began July 23, 1859; ceased in 1951. Cf. Oehlerts, d. Guide to Wis. newspapers.</subfield></datafield><datafield ind1=" " ind2=" " tag="500"><subfield code="a">Sometimes published as: Shawano County journal and transcript, May 30, 1894-&lt;Oct. 10, 1894&gt;.</subfield></datafield><datafield ind1=" " ind2=" " tag="500"><subfield code="a">Publisher: Myron H. McCord, &lt;1874&gt;.</subfield></datafield><datafield ind1=" " ind2=" " tag="500"><subfield code="a">"A good family paper: devoted to literature, morality and local interests."</subfield></datafield><datafield ind1=" " ind2=" " tag="500"><subfield code="a">Editors: J. Wiley, G.B. Edmonds &amp; A.G. Rockwell, &lt;July 30&gt;-&lt;Oct. 15, 1859&gt;; J. Wiley &amp; A.G. Rockwell, &lt;Dec. 24, 1859&gt;; A.G. Rockwell, &lt;March 9, 1865&gt;-Feb. 22, 1866; M.H. McCord, Feb. 25, 1869-&lt;Oct. 12, 1871&gt;; E.W. Stevens, &lt;Nov. 2, 1871&gt;-Feb. 1, 1872; E.W. Stevens &amp; M.H. McCord, Feb. 8-15, 1872; M.H. McCord, Feb. 22-Nov. 23, 1872; A.F. Worcester &amp; A.D. Gorham, Nov. 30, 1872-Jan. 17, 1874; M.H. McCord, Jan. 24-Aug. 22, 1874; H.M. Loomer, Sept. 19, 1874-Feb. 1, 1879; W.N. Rogers, Feb. 8, 1879-Oct. 7, 1881; A.J. Peavey, March 10-Oct. 13, 1882; D. Gorham, March 12, 1891-April 5, 1894; S.L. Perry, Oct. 7, 1909-April 27, 1911; H. Sharp, May 18-Dec. 21, 1911; M.R. Stanley, Nov. 14, 1912-April 25, 1935; H.A. Meyer, Nov. 21, 1935-&lt;Aug. 30, 1951.&gt;</subfield></datafield><datafield ind1=" " ind2=" " tag="525"><subfield code="a">Supplements accompany some issues.</subfield></datafield><datafield ind1=" " ind2=" " tag="530"><subfield code="a">Also issued on microfilm from The State Historical Society of Wisconsin.</subfield></datafield><datafield ind1=" " ind2=" " tag="588"><subfield code="a">Description based on: Vol. 1, no. 2 (July 30, 1859).</subfield></datafield><datafield ind1=" " ind2=" " tag="752"><subfield code="a">United States</subfield><subfield code="b">Wisconsin</subfield><subfield code="c">Shawano</subfield><subfield code="d">Shawano.</subfield></datafield><datafield ind1="0" ind2="5" tag="780"><subfield code="t">Shawano transcript</subfield></datafield><datafield ind1="0" ind2="5" tag="780"><subfield code="t">Shawano venture</subfield><subfield code="w">(DLC)sn 85040128</subfield></datafield><datafield ind1="1" ind2=" " tag="029"><subfield code="a">AU@</subfield><subfield code="b">000025835722</subfield></datafield></record>